<?xml version="1.0" encoding="UTF-8"?><record xmlns="http://www.loc.gov/MARC21/slim" xmlns:cinclude="http://apache.org/cocoon/include/1.0" xmlns:zs="http://www.loc.gov/zing/srw/">
  <leader>00453nz  a2200133n  4500</leader>
  <controlfield tag="001">n  90615847 </controlfield>
  <controlfield tag="003">DLC</controlfield>
  <controlfield tag="005">19900308090629.3</controlfield>
  <controlfield tag="008">900301n| acannaab|          |a aaa |||  </controlfield>
  <datafield tag="010" ind1=" " ind2=" ">
    <subfield code="a">n  90615847 </subfield>
  </datafield>
  <datafield tag="040" ind1=" " ind2=" ">
    <subfield code="a">DLC</subfield>
    <subfield code="c">DLC</subfield>
  </datafield>
  <datafield tag="100" ind1="1" ind2="0">
    <subfield code="a">Parvin, Theodore R.</subfield>
  </datafield>
  <datafield tag="400" ind1="1" ind2="0">
    <subfield code="a">Parvin, Ted</subfield>
  </datafield>
  <datafield tag="670" ind1=" " ind2=" ">
    <subfield code="a">His Mexico, 1989:</subfield>
    <subfield code="b">t.p. (Theodore R. Parvin) t.p. verso (Parvin-Rubalcava Productions, Inc., Los Angeles, Calif.) p. i (Ted Parvin; 35 yrs. of motion picture experience)</subfield>
  </datafield>
</record>